@article{stern2001there,
  title={Is there an environmental Kuznets curve for sulfur?},
  author={Stern, David I and Common, Michael S},
  journal={Journal of Environmental Economics and Management},
  volume={41},
  number={2},
  pages={162--178},
  year={2001},
  publisher={Elsevier}
}
